%% This BibTeX bibliography file was created using BibDesk.
%% https://bibdesk.sourceforge.io/

%% Created for Spencer Smith at 2023-03-24 13:04:27 -0400 


%% Saved with string encoding Unicode (UTF-8) 

@inproceedings{Saravani2022MeasuringTS,
  title={Measuring the Severity of the Signs of Eating Disorders Using Similarity-Based Models},
  author={Seyed Habib Hosseini Saravani and Lancelot Normand and Diego Maupom{\'e} and Fanny Rancourt and Thomas Soulas and Sara Besharati and Anaelle Normand and S{\'e}bastien Mosser and Marie-Jean Meurs},
  booktitle={Conference and Labs of the Evaluation Forum},
  year={2022},
  url={https://api.semanticscholar.org/CorpusID:251471885}
}

@inproceedings{Maupom2021EarlyDO,
  title={Early Detection of Signs of Pathological Gambling, Self-Harm and Depression through Topic Extraction and Neural Networks},
  author={Diego Maupom{\'e} and Maxime D. Armstrong and Fanny Rancourt and Thomas Soulas and Marie-Jean Meurs},
  booktitle={Conference and Labs of the Evaluation Forum},
  year={2021},
  url={https://api.semanticscholar.org/CorpusID:237298571}
}

@misc{SRS,
	author = {Author Author},
	date-added = {2019-12-06 16:45:06 -0500},
	date-modified = {2019-12-06 16:45:26 -0500},
	howpublished = {\url{https://github.com/...}},
	title = {System Requirements Specification},
	year = {2019},
	bdsk-url-1 = {https://github.com/smiths/GeomRecon/blob/master/docs/SRS/SRS.pdf}}